<?xml version="1.0" encoding="UTF-8"?>
<collection xmlns:xsi="http://www.w3.org/2001/XMLSchema-instance" xsi:schemaLocation="http://www.loc.gov/MARC21/slim http://www.loc.gov/standards/marcxml/schema/MARC21slim.xsd" xmlns="http://www.loc.gov/MARC21/slim">
<record>
  <leader>00775cam a2200193 u 4500</leader>
  <controlfield tag="001">639809</controlfield>
  <controlfield tag="003">NNC</controlfield>
  <controlfield tag="005">20100307230859.0</controlfield>
  <controlfield tag="008">880411s1985    ir |||||||||||||||||ara||</controlfield>
  <datafield tag="035" ind1=" " ind2=" ">
    <subfield code="a">(OCoLC)60601165</subfield>
  </datafield>
  <datafield tag="035" ind1=" " ind2=" ">
    <subfield code="a">(OCoLC)ocm60601165</subfield>
  </datafield>
  <datafield tag="035" ind1=" " ind2=" ">
    <subfield code="a">(CStRLIN)NYCG88-B25532</subfield>
  </datafield>
  <datafield tag="035" ind1=" " ind2=" ">
    <subfield code="9">ACU6467CU</subfield>
  </datafield>
  <datafield tag="035" ind1=" " ind2=" ">
    <subfield code="a">(NNC)639809</subfield>
  </datafield>
  <datafield tag="111" ind1="2" ind2="0">
    <subfield code="a">Muʾtamar al-ʻĀlamī li-aʾimmat al-Jumʻah wa-al-jamaʻah</subfield>
    <subfield code="n">(2nd :</subfield>
    <subfield code="d">1984 :</subfield>
    <subfield code="c">Tehran, Iran)</subfield>
  </datafield>
  <datafield tag="245" ind1="1" ind2="3">
    <subfield code="a">al-Maqālat wa-al-dirasat :</subfield>
    <subfield code="b">taqrir ʻan al-maqalat al-muqaddamah ila al-Muʾtamar al-Thānī li-Aʾimmat al-Jumʻah wa-al-Jamaʻah, al-taqrir al-thalith.</subfield>
  </datafield>
  <datafield tag="260" ind1="0" ind2=" ">
    <subfield code="a">Ṭihrān, al-Jumhūrīyah al-Islāmīyah fī Īrān :</subfield>
    <subfield code="b">Wizarat al-Irshad al-Islamiyah,</subfield>
    <subfield code="c">1405 [1985?]</subfield>
  </datafield>
  <datafield tag="300" ind1=" " ind2=" ">
    <subfield code="a">555 p.</subfield>
  </datafield>
  <datafield tag="650" ind1=" " ind2="0">
    <subfield code="a">Islam</subfield>
    <subfield code="x">Congresses.</subfield>
  </datafield>
  <datafield tag="955" ind1=" " ind2=" ">
    <subfield code="b">CU59572779</subfield>
    <subfield code="d">off,glx</subfield>
    <subfield code="e">ME06109</subfield>
  </datafield>
</record>
</collection>